@article{Sutherland1968,
abstract = {Sutherland, Ivan E., A Head-Mounted, Three-Dimensional Display,‚Äù AFIPS Proceedings of the Fall Joint Computer Conference, Part I, pp. 757-764, 1968.},
author = {Sutherland, Ivan E},
doi = {10.1145/1476589.1476686},
file = {:C$\backslash$:/Users/Sinthu/AppData/Local/Mendeley Ltd./Mendeley Desktop/Downloaded/Sutherland - 1968 - A Head-Mounted, Three-Dimensional Display.pdf:pdf},
isbn = {158113052X},
journal = {AFIPS Proceedings of the Fall Joint Computer Conference},
mendeley-groups = {Bachelorarbeit/nicht allzu relevante Zusatzquellen},
number = {16},
pages = {757--764},
title = {{A Head-Mounted, Three-Dimensional Display}},
volume = {Part I},
year = {1968}
}

@article{Feiner1997,
author = {Feiner, Steven and Macintyre, Blair and Webster, Anthony},
file = {:C$\backslash$:/Users/Sinthu/AppData/Local/Mendeley Ltd./Mendeley Desktop/Downloaded/Feiner, Macintyre, Webster - 1997 - A Touring Machine Prototyping 3D Mobile Augmented Reality Systems for Exploring the Urban Environmen.pdf:pdf},
isbn = {0818681926},
mendeley-groups = {Bachelorarbeit},
pages = {74--81},
title = {{A Touring Machine: Prototyping 3D Mobile Augmented Reality Systems for Exploring the Urban Environment}},
volume = {97},
year = {1997}
}

@article{Perey2013,
author = {Perey, Christine and Terenzi, Graziano},
file = {:C$\backslash$:/Users/Sinthu/AppData/Local/Mendeley Ltd./Mendeley Desktop/Downloaded/Perey, Terenzi - 2013 - Augmented Reality-Assisted 3D Visualization for Urban Professional Users.pdf:pdf},
mendeley-groups = {Bachelorarbeit},
number = {October},
title = {{Augmented Reality-Assisted 3D Visualization for Urban Professional Users}},
year = {2013}
}
